@mastersthesis{ricardo_pdi,
	Address = {Recife - Pernambuco},
	author={Ricardo César de Almeida Nogueira},
	title={Análise de Conversão de Imagem Colorida para Tons de Cinza Via Contraste Percebido},
	School={Universidade Federal de Pernambuco - Centro de Engenharia da Computação},
	year={2016},
	url={http://www.cin.ufpe.br/~tg/2016-1/rcan.pdf}
}

@article{giassa_escalona,
	year={2009},
	title={Upsampling and Interpolation},
	url={http://www.giassa.net/?page_id=200},
	Urlaccessdate = {06.2018},
	author={Matthew Giassa},
	language={Inglês},
	Publisher = {GIASSA.NET},
}

@article{gabriel_histograma,
	year={2016},
	title={Processamento Digital de Imagens},
	url={https://melosgabriel.github.io/},
	Urlaccessdate = {06.2018},
	author={Gabriel Melo},
	language={Português},
	Publisher = {UFRN},
}

@article{luiz_vizinho,
	School={USP - Depto. de Física e Matemática},
	year={2013},
	title={Interpolação em imagens},
	url={http://dcm.ffclrp.usp.br/~murta/PIM/PIM_10.pdf},
	Urlaccessdate = {06.2018},
	author={Luiz Otavio Murta},
	language={Português},
	Publisher = {FFCLRP/USP},
}

@article{tech_algo_scaling,
	year={2007},
	title={Nearest Neighbor Image Scaling},
	Author={Tech-Algorithm}
	url={http://tech-algorithm.com/articles/nearest-neighbor-image-scaling/},
	Urlaccessdate = {06.2018},	
	language={Inglês}
}

@article{fachin-metodos,
	Author = {ODÍLIA FACHIN},
	title = {Fundamentos De Metodologia - 6a Ed. 2017},
	Publisher = {Saraiva},
	Year = {2017}
}

@article{fluxogramalivro,
	Author = {Francisco I. Giocondo César},
	Booktitle = {Ferramentas Básicas de Qualidade, 1a Ed. 2011},
	Publisher = {Biblioteca 24hrs},
	Year = {2011}
}


@article{dev_poo,
	year={2014},
	title={Os 4 pilares da Programação Orientada a Objetos},
	url={https://www.devmedia.com.br/os-4-pilares-da-programacao-orientada-a-objetos/9264},
	Urlaccessdate = {06.2018},
	keywords={Programação Orientado a Objetos},
	author={Henrique Machado Gasparotto},
	language={Português},
	Publisher = {Devmedia},
}

@article{dicio-metodo,
	year={2018},	
	Publisher = {Dicio},
	title={Método},
	url={https://www.dicio.com.br/metodo/},
	Urlaccessdate = {06.2018},
	language={Português}
}

@article{uml,
	year={2013},
	author={Renato Jose Groffe},
	Publisher = {Devmedia},
	title={Artigo Modelagem de sistemas através de UML: uma visão geral},
	url={https://www.devmedia.com.br/modelagem-de-sistemas-atraves-de-uml-uma-visao-geral/27913},
	Urlaccessdate = {06.2018},
	language={Português}
}

@article{dev-agil,
	year={2016},
	author={ALEX DE ARAUJO},
	Publisher = {BeCode},
	title={Manifesto Ágil e as TOP 3 Metodologias Ágeis de Desenvolvimento!},
	url={https://becode.com.br/manifesto-agil-e-top-metodologias-ageis/},
	Urlaccessdate = {06.2018},
	language={Português}
}

@article{dev-agil2,
	year={2018},
	author={Vinicius Almeida Castro},
	Publisher = {DevMedia},
	title={Introdução ao Desenvolvimento Ágil},
	url={https://www.devmedia.com.br/introducao-ao-desenvolvimento-agil/5916},
	Urlaccessdate = {06.2018},
	language={Português}
}

@article{git,
	year={2018},
	title={Git},
	url={https://git-scm.com/},
	Urlaccessdate = {05.2018},
	language={Inglês}
}

@article{opencv,
	year={2018},
	title={OpenCV - Open Source Computer Vision},
	author={OpenCV},
	url={https://opencv.org/about.html},
	Urlaccessdate = {05.2018},
	language={Inglês}
}

@article{colt,
	year={2018},
	title={Colt},
	url={http://dst.lbl.gov/ACSSoftware/colt/},
	Urlaccessdate = {05.2018},
	language={Inglês}
}

@article{javacv,
	year={2018},
	title={JavaCV - Java interface to OpenCV, FFmpeg, and more},
	url={https://github.com/bytedeco/javacv},
	Urlaccessdate = {05.2018},
	author={ByteDeco},
	language={Inglês}
}

@article{javacpp,
	year={2018},
	title={JavaCPP - The missing bridge between Java and native C++ libraries},
	url={https://github.com/bytedeco/javacpp-presets},
	Urlaccessdate = {05.2018},
	author={ByteDeco},
	language={Inglês}
}

@article{ibm_java,
	year={2016},
	title={Aprenda: Tecnologia Java},
	url={https://www.ibm.com/developerworks/br/java/tutorials/j-introtojava1/index.html},
	Urlaccessdate = {06.2018},
	keywords={Java,Programação Orientado a Objetos},
	author={J Steven Perry},
	language={Português},
	Publisher = {IBM - Developer Works},
}

@article{drmathew_java_programming,
	Address = {Vienna},
	Author = {Dr. Andrew Davison},
	title = {Java Prog. Techniques for Games},
	Publisher = {Universidade Prince of Songkla, Thailândia},
	Url = {hhttp://fivedots.coe.psu.ac.th/~ad/index.html},
	Year = {2013}
}

@mastersthesis{geysilva,
	Address = {Marília},
	author={Geysler Nicleviks da Silva},
	title={Estudo das Técnicas PCA (Análise de Componentes Principais) e Auto-faces Aplicadas ao Reconhecimento de Faces Humanas},
	School={Centro Universitário Eurípides Soares - UNIVEM},
	year={2009},
	url={http://aberto.univem.edu.br/bitstream/handle/11077/284/Estudo+da+t%E9cnica+PCA+(An%E1lise+de+Componentes+Principais)+e+Auto-faces+aplicadas+ao+reconhecimento+de+faces+humanas.pdf;jsessionid=2D900F25381260DCCB85EC832736A216?sequence=1}
}

@mastersthesis{gustavo_cascata,
	Address = {Rio de Janeiro},
	author={Gustavo Costa Gomes Moreira},
	title={Reconhecedor de Objetos em Vídeos Digitais para	Aplicações Interativas},
	School={Pontifícia Universidade Católica do Rio de Janeiro - PUCRJ},
	year={2008},
	url={https://www.maxwell.vrac.puc-rio.br/13069/13069_1.PDF}
}

@article{ccm_video_digi,
	year={2018},
	title={Vídeo digital},
	url={https://br.ccm.net/contents/739-video-digital},
	Urlaccessdate = {05.2018},
	keywords={Vídeo Digital},
	author={Lindsay I Smith},
	language={Inglês}
}

@article{tutorial_en_smith,
	year={2002},
	title={A Tutorial on Principal Components Analysis},
	url={http://www.cs.otago.ac.nz/cosc453/student_tutorials/principal_components.pdf},
	Urlaccessdate = {05.2018},
	keywords={Reconhecimento de Faces, Análise de Componentes Principais, matlab},
	author={Lindsay I Smith},
	language={Inglês}
}

@article{tutorial_pt,
	journal={Departamente de Engenharia Elétrica},
	Year = {2018},
	title={Um Tutorial sobre Análise de Componentes Principais para o Reconhecimento Automático de Faces},
	url={http://fei.edu.br/~cet/Tutorial_ReconhecimentoFaces.pdf},
	Urlaccessdate = {05.2018},
	publisher={Centro Universitário da FEI},
	keywords={Reconhecimento de Faces, Análise de Componentes Principais, matlab},
	author={Edson C. Kitani, Carlos E. Thomaz},
	language={Português}
}

@article{img-digital-willians,
	year={2009},
	School={FAAC - Unesp},
	title={A Imagem Digital},
	journal={Espaço para apoio didático do Curso de Comunicação social - Radialismo},
	url={http://willians.pro.br/textos/},
	Urlaccessdate = {05.2018},
	keywords={imagem digital},
	author={Willians Cerozzi Balan},
	language={Portugês}
}

@inbook{gonzalez_woods,
	Address = {São Paulo},
	Author = {Rafael C. Gonzalez, Richard C. Woods},
	Booktitle = {Processamento Digital de Imagens 3ªed},
	Publisher = {Pearson Prentice Hall},
	Year = {2010},
	language={Portugês}
}

@inbook{stephen_greyscale,
	Author = {Stephen Johnson},
	Booktitle = {Stephen Johnson on Digital Photography},
	Publisher = {O'Reilly Media, Incorporated},
	Year = {2006},
	language={Inglês}
}

@article{inpe_proc_img,
	journal={Instituto Nacional de Pesquisas Espaciais - INPE},
	title={Teoria : Processamento de Imagens},
	url={http://www.dpi.inpe.br/spring/teoria/realce/realce.htm},
	Urlaccessdate = {05.2018},
	author={Eymar, Laercio, Regina},
	year={2018},
	language={Portugês}
}

@article{edinburgh_classifier,
	journal={The University of Edinburgh},
	title={ADVANCED VISION MODULE},
	url={http://www.inf.ed.ac.uk/teaching/courses/av/index.html},
	Urlaccessdate = {05.2018},
	author={Hanz Cuevas Velasquez },
	year={2017},
	language={Inglês}
}

@article{png,
	journal={PNG LIB},
	title={A Basic Introduction to PNG Features},
	url={http://www.libpng.org/pub/png/pngintro.html},
	Urlaccessdate = {05.2018},
	author={Greg Roelofs},
	year={2017},
	language={Inglês}
}

@article{lapix_escala,
	journal={Image Processing and Computer Graphcs Lab - LAPiX},
	title={Transformações Geométricas 2D e Coordenadas Homogêneas},
	publisher={Universidade Federal de Santa Catarina – UFSC},
	url={http://www.lapix.ufsc.br/ensino/computacao-grafica/transformacoes-geometricas-2d-e-coordenadas-homogeneas},
	Urlaccessdate = {05.2018},
	author={Dr. Aldo von Wangenheim},
	year={2017}
}


@article{img_compact,
	year={2017},
	journal={Resultados Digitais},
	title={Como compactar imagens sem perder qualidade e aumentar a velocidade de seu site},
	url={https://resultadosdigitais.com.br/blog/compactar-imagens-sem-perder-qualidade/},
	Urlaccessdate = {05.2018},
	author={Flaubi Farias},
	language={Português}
}

@article{nstc_homeland,
	year={2009},
	journal={National Science and Technology Consil - NSTC},
	title={Face Recognition},
	url={https://www.hsdl.org/?view&did=463904},
	Urlaccessdate = {04.2018},
	publisher={NSTC},
	keywords={Face Recognition; Dam break; biometrics; technology},
	pages={92-99},
	author={Kelly Smith, Arun Ross, Dirk Colbry},
	language={English}
}

@mastersthesis{wei_lun,
	Address = {Taiwan},
	author={Wei-Lun Chao},
	title={Face Recognition},
	Month = {Maio},
	School={National Taiwan University, GICE},
	year={2011},
	url={http://disp.ee.ntu.edu.tw/~pujols/Face%20Recognition-survey.pdf}
}

@mastersthesis{final_project_stanford,
	Address = {Stanford, California},
	author={Inseong Kim, Joon Hyung Shim, Jinkyu Yang},
	title={Final Project - Face Detection Project},
	School={Stanford University},
	year={2003},
	url={https://web.stanford.edu/class/ee368/Project_03/Project/reports/ee368group02.pdf}
}

@article{issues_methods_FR,
	author={Waldemar Wojcik, Konrad Gromaszek, Muhtar Junisbekov },
	title={Face Recognition: Issues, Methods and Alternative Applications},
	url={https://www.intechopen.com/books/face-recognition-semisupervised-classification-subspace-projection-and-evaluation-methods/face-recognition-issues-methods-and-alternative-applications},
	year={2016}
}

@article{stats_hong_kong,
	author={Shuo Yang, Ping Luo, Chenm Change Loy e Xiaoou Tnang},
	title={WIDER FACE: A Face Recognition Benchmark},
	School={Department of Information Engineering, The Chinese University of Hong Kong},
	url={https://arxiv.org/pdf/1511.06523.pdf},
	year={2015}
}


@article{3dmodel_fd,
	author={Adrian Barbu, Nathan Lay, Gary Gramajo},
	title={Face Detection with a 3D Model},
	url={https://pdfs.semanticscholar.org/2bbf/047993f08a608ce4ca22720d374d4cf76f98.pdf},
	year={2015}
}

@article{baidiu_theverge,
	author={The Verge.com},
	title={•	Baidu swaps tickets for facial recognition in historic Chinese 'water town'},
	url={https://www.theverge.com/2016/11/17/13663084/baidu-facial-recognition-park-wuzhen},
	year={2016},
	month={novembro}
}


@mastersthesis{tony_columbia,
	Address = {Montréal, Québec - Canada},
	author={Tony S. Jebara},
	title={3D Pode Estimation and Normalization for Face Recognition},
	School={McGill University, Columbia University},
	year={1995},
	url={http://www.cs.columbia.edu/~jebara/htmlpapers/UTHESIS/node7.html}
}

@article{ stats_economy_compass_2017 ,
	author={Statista - The Statistics Portal},
	title={Face Recognition Software comparison as %-error in face recognition},
	journal={Digital Economy Compass 2017},
	url={https://www.slideshare.net/statista_com/statista-digital-economy-compass-2017},
	year={2017}
}

@article{ stats_face_detection_IEEE ,
	author={Institute of Electrical and Electronics Engineers - IEEE},
	title={Face recognition: eigenface, elastic matching, and neural nets},
	journal={ Proceedings of the IEEE ( Volume: 85, Issue: 9, Sep 1997 )},
	url={http://ieeexplore.ieee.org/document/628712/},
	year={1997}
}

@article{ nyu_ccpr_frt ,
	author={Lucas D. Introna, Helen Nissenbaum},
	title={Facial Recognition Technology - A Survey of Polycy and Implementation Issues},
	School={Universidade de Nova Iorque},
	url={https://www.nyu.edu/projects/nissenbaum/papers/facial_recognition_report.pdf},
	year={2010}
}