@inbook{drmathew_java_programming,
	Address = {Vienna},
	Author = {Dr. Andrew Davison},
	Booktitle = {Java Prog. Techniques for Games},
	Publisher = {Universidade Prince of Songkla, Thailândia},
	Url = {hhttp://fivedots.coe.psu.ac.th/~ad/index.html},
	Year = {2013}
}

@mastersthesis{geysilva,
	Address = {Marília},
	author={Geysler Nicleviks da Silva},
	title={Estudo das Técnicas PCA (Análise de Componentes Principais) e Auto-faces Aplicadas ao Reconhecimento de Faces Humanas},
	School={Centro Universitário Eurípides Soares - UNIVEM},
	year={2009}
	url={http://aberto.univem.edu.br/bitstream/handle/11077/284/Estudo+da+t%E9cnica+PCA+(An%E1lise+de+Componentes+Principais)+e+Auto-faces+aplicadas+ao+reconhecimento+de+faces+humanas.pdf;jsessionid=2D900F25381260DCCB85EC832736A216?sequence=1}
}

@article{tutorial_en_smith,
	year={2002},
	title={A Tutorial on Principal Components Analysis},
	url={http://www.cs.otago.ac.nz/cosc453/student_tutorials/principal_components.pdf},
	Urlaccessdate = {05.2018},
	keywords={Reconhecimento de Faces, Análise de Componentes Principais, matlab},
	author={Lindsay I Smith},
	language={Inglês}
}

@article{tutorial_pt,
	journal={Departamente de Engenharia Elétrica},
	title={Um Tutorial sobre Análise de Componentes Principais para o Reconhecimento Automático de Faces},
	url={http://fei.edu.br/~cet/Tutorial_ReconhecimentoFaces.pdf},
	Urlaccessdate = {05.2018},
	publisher={Centro Universitário da FEI},
	keywords={Reconhecimento de Faces, Análise de Componentes Principais, matlab},
	author={Edson C. Kitani, Carlos E. Thomaz},
	language={Português}
}

@article{img-digital-willians,
	year={2009},
	School={FAAC - Unesp},
	title={A Imagem Digital},
	journal={Espaço para apoio didático do Curso de Comunicação social - Radialismo},
	url={http://willians.pro.br/textos/},
	Urlaccessdate = {05.2018},
	keywords={imagem digital},
	author={Willians Cerozzi Balan},
	language={Portugês}
}

@article{png,
	journal={PNG LIB},
	title={A Basic Introduction to PNG Features},
	url={http://www.libpng.org/pub/png/pngintro.html},
	Urlaccessdate = {05.2018},
	author={Greg Roelofs},
	language={Inglês}
}


@article{img_compact,
	year={2017},
	journal={Resultados Digitais},
	title={Como compactar imagens sem perder qualidade e aumentar a velocidade de seu site},
	url={https://resultadosdigitais.com.br/blog/compactar-imagens-sem-perder-qualidade/},
	Urlaccessdate = {05.2018},
	author={Flaubi Farias},
	language={Português}
}

@article{nstc_homeland,
year={2009},
journal={National Science and Technology Consil (NSTC)},
title={Face Recognition},
url={https://www.fbi.gov/file-repository/about-us-cjis-fingerprints_biometrics-biometric-center-of-},
Urlaccessdate = {04.2018},
publisher={National Science and Technology Consil (NSTC)},
keywords={Face Recognition; Dam break; biometrics; technology},
author={National Science and Technology Consil (NSTC)},
pages={92-99},
language={English}
}

@mastersthesis{wei_lun,
	Address = {Taiwan},
	author={Wei-Lun Chao},
	title={Face Recognition},
	Month = {Maio},
	School={National Taiwan University, GICE},
	year={2011}
	url={http://disp.ee.ntu.edu.tw/~pujols/Face%20Recognition-survey.pdf}
}

@mastersthesis{final_project_stanford,
	Address = {Stanford, California},
	author={Inseong Kim, Joon Hyung Shim, Jinkyu Yang},
	title={Final Project - Face Detection Project},
	School={Stanford University},
	year={2003},
	url={https://web.stanford.edu/class/ee368/Project_03/Project/reports/ee368group02.pdf}
}

@article{issues_methods_FR,
	author={Waldemar Wójcik, Konrad Gromaszek, Muhtar Junisbekov },
	title={Face Recognition: Issues, Methods and Alternative Applications},
	url={https://www.intechopen.com/books/face-recognition-semisupervised-classification-subspace-projection-and-evaluation-methods/face-recognition-issues-methods-and-alternative-applications},
	year={2016}
}

@article{stats_hong_kong,
	author={Shuo Yang, Ping Luo, Chenm Change Loy, Xiaoou Tnang},
	title={WIDER FACE: A Face Recognition Benchmark},
	School={Department of Information Engineering, The Chinese University of Hong Kong},
	url={https://arxiv.org/pdf/1511.06523.pdf},
	year={2015}
}


@article{3dmodel_fd,
	author={Adrian Barbu, Nathan Lay, Gary Gramajo},
	title={Face Detection with a 3D Model},
	url={https://pdfs.semanticscholar.org/2bbf/047993f08a608ce4ca22720d374d4cf76f98.pdf},
	year={2015}
}

@article{baidiu_theverge,
	author={The Verge.com},
	title={•	Baidu swaps tickets for facial recognition in historic Chinese 'water town'},
	url={https://www.theverge.com/2016/11/17/13663084/baidu-facial-recognition-park-wuzhen},
	year={2016},
	month={novembro}
}


@mastersthesis{tony_columbia,
	Address = {Montréal, Québec - Canada},
	author={Tony S. Jebara},
	title={3D Pode Estimation and Normalization for Face Recognition},
	School={McGill University, Columbia University},
	year={1995},
	url={http://www.cs.columbia.edu/~jebara/htmlpapers/UTHESIS/node7.html}
}

@article{ stats_economy_compass_2017 ,
	author={Statista - The Statistics Portal},
	title={Face Recognition Software comparison as %-error in face recognition},
	journal={Digital Economy Compass 2017},
	url={https://www.slideshare.net/statista_com/statista-digital-economy-compass-2017},
	year={2017}
}

@article{ stats_face_detection_IEEE ,
	author={Institute of Electrical and Electronics Engineers - IEEE},
	title={Face recognition: eigenface, elastic matching, and neural nets},
	journal={ Proceedings of the IEEE ( Volume: 85, Issue: 9, Sep 1997 )},
	url={http://ieeexplore.ieee.org/document/628712/},
	year={1997}
}

@article{ nyu_ccpr_frt ,
	author={Lucas D. Introna, Helen Nissenbaum},
	title={Facial Recognition Technology - A Survey of Polycy and Implementation Issues},
	School={Universidade de Nova Iorque},
	url={https://www.nyu.edu/projects/nissenbaum/papers/facial_recognition_report.pdf},
	year={2010}
}